@phdthesis{dz2012,
  title={南京市江宁区中医药特色社区卫生服务模式构建与创新研究},
  author={丁政},
  school={南京中医药大学},
  year={2012},
}
@phdthesis{cjw_1_2009,
  title={社区老年居民中医“知信行”及生存质量调查分析},
  author={陈建伟},
  school={广州中医药大学},
  year={2009},
}
@article{sunxj2011,
  title={社区中老年人中医保健知信行现状及需求调查分析},
  author={孙晓晶 and 段功香 and 张颖杰 and 李潘 and 申海燕},
  journal={齐鲁护理杂志},
  volume={17},
  number={13},
  pages={49-50},
  year={2011},
}
@article{chenjw2009,
  title={中医“知信行”问卷的信度、效度评价},
  author={陈建伟 and 李美婷 and 何梅囡 and 张万方},
  journal={预防医学论坛},
  number={10},
  pages={915-917},
  year={2009},
}
@article{陈建伟2009,
  title={社区老年人中医"知识、态度/信念、行为"情况及生存质量调查},
  author={陈建伟 and 李美婷 and 何梅囡 and 张万方 and 夏国华},
  journal={国际医药卫生导报},
  volume={15},
  number={13},
  pages={9-12},
  year={2009},
}
@phdthesis{危艳萍2015福建省,
  title={福建省老年期痴呆患者照顾者的生活质量、社会支持、知信行调查及干预研究},
  author={危艳萍},
  school={福建医科大学},
  year={2015},
}
@article{zw2008,
  title={《黄帝内经》“治未病”理论的临床应用概述},
  author={庄微 and 吴颢昕},
  journal={辽宁中医药大学学报},
  number={11},
  pages={158-159},
  year={2008},
}
@article{于晓彦2015,
  title={“治未病”理念下的中医特色预防保健服务及政策研究},
  author={于晓彦 and 汤少梁 and 王高玲},
  journal={中国卫生政策研究},
  number={2},
  pages={71-75},
  year={2015},
}
@article{董凯2016,
  title={以整体观系统观辨证论治糖尿病},
  author={董凯 and 董娜},
  journal={光明中医},
  volume={31},
  number={2},
  pages={157-160},
  year={2016},
}
@article{张瑞利2009,
  title={基于“治未病”理论的中医健康保障服务模式研究},
  author={张瑞利 and 张晓},
  journal={辽宁中医杂志},
  number={8},
  pages={1254-1256},
  year={2009},
}
@article{陈涤平2017,
  title={中医治未病理论的民族文化溯源},
  author={陈涤平},
  journal={中医杂志},
  volume={58},
  number={7},
  pages={548-551},
  year={2017},
}
@article{徐经世2016,
  title={中医治未病理念的理论溯源与实践思考},
  author={徐经世 and 李艳 and 赵进东 and 李永攀 and 张莉 and 张国梁},
  journal={中医杂志},
  volume={57},
  number={16},
  pages={1351-1354},
  year={2016},
}
@book{南京中医学院医经教研组1981黄帝内经素问译释,
  title={黄帝内经素问译释-2版},
  author={南京中医学院医经教研组},
  publisher={上海科学技术出版社},
  year={1981},
}
@article{王琦20059,
  title={9种基本中医体质类型的分类及其诊断表述依据},
  author={王琦},
  journal={北京中医药大学学报},
  volume={28},
  number={4},
  pages={1-8},
  year={2005},
}
@book{李俊德2008中医必读百部名著,
  title={中医必读百部名著:备急千金要方},
  author={李俊德 and 高文柱 and 孙思邈 and 沈澍农},
  publisher={华夏出版社},
  year={2008},
}
@book{朱震亨2008格致余论,
  title={格致余论},
  author={朱震亨},
  publisher={中国中医药出版社},
  year={2008},
}
@book{叶桂2007温热论,
  title={温热论},
  author={叶桂},
  publisher={人民卫生出版社},
  year={2007},
}
@book{宋为民1992未病论,
  title={未病论},
  author={宋为民 and 罗金才},
  publisher={重庆出版社},
  year={1992},
}
@book{黄敬亨2006健康教育学,
  title={健康教育学.第4版},
  author={黄敬亨},
  publisher={复旦大学出版社},
  year={2006},
}