@article{cy2014,
	title={微博“碎片化阅读”的传播麻醉功能解读},
	author={陈奕 and 凌梦丹},
	journal={编辑之友},
	number={5},
	pages={19-21},
	year={2014},
}
@article{syp2006,
	title={对杭州周边农村地区中医药需求的调查与分析},
	author={沈燕萍 and 鄢圣英},
	journal={中国中医药信息杂志},
	volume={13},
	number={12},
	pages={1-2},
	year={2006},
}
@phdthesis{wcy2011,
	title={中医态度量表的编制},
	author={吴朝阳},
	school={北京中医药大学},
	year={2011},
}
@article{kam2005,
	title={A Survey of Attitudes to Traditional Chinese Medicine Among Chinese Medical Students},
	author={Kam-Lun Ellis  Hon and Ting-Fan  Leung and Hio-Meng  Tse and Lai-Na  Lam and Kwok-Cheong  Tam and Ka-Man  Chu and Yin  Wong and Tai-Fai  Fok},
	journal={American Journal of Chinese Medicine},
	volume={33},
	number={2},
	pages={269-79},
	year={2005},
}
@phdthesis{zgn1013,
	title={科学传播视角下大众媒体对中医的传播研究——以《健康报》和《合肥晚报》为例《2003-2012)},
	author={张广宁},
	school={安徽大学},
	year={2013},
}
@book{bld2011,
	title={问卷设计手册},
	author={布拉德伯恩},
	publisher={重庆大学出版社},
	year={2011},
}