@phdthesis{高会芳2017基于微信平台的养生信息传播研究,
  title={基于微信平台的养生信息传播研究},
  author={高会芳},
  school={郑州大学},
  year={2017},
}
@phdthesis{樊树璇2016健康类微信公众号传播力及优化策略研究,
  title={健康类微信公众号传播力及优化策略研究},
  author={樊树璇},
  school={西北大学},
  year={2016},
}
@article{刘艳丽2016健康类微信公众号主体分析,
  title={健康类微信公众号主体分析},
  author={刘艳丽},
  journal={山西科技},
  volume={31},
  number={5},
  pages={120-122},
  year={2016},
}

@article{刘婷2018健康类微信公众号文章标题的制作规律——基于“生命时报”“丁香医生”等公众号的分析,
  title={健康类微信公众号文章标题的制作规律——基于“生命时报”“丁香医生”等公众号的分析},
  author={刘婷},
  journal={青年记者},
  number={5},
  pages={92-93},
  year={2018},
}

@article{丹娜·巴吾尔江2018健康类微信公众号的传播能力研究,
  title={健康类微信公众号的传播能力研究},
  author={丹娜·巴吾尔江},
  journal={青年记者},
  number={3},
  pages={81-82},
  year={2018},
}

@article{彭丽2018基于结构方程的微信公众平台健康养生类信息采纳意愿研究,
  title={基于结构方程的微信公众平台健康养生类信息采纳意愿研究},
  author={彭丽 and 杜志银 and 黄成},
  journal={现代预防医学},
  number={7},
  year={2018},
}
@article{金晓玲2017微信朋友圈中健康信息传播行为研究,
  title={微信朋友圈中健康信息传播行为研究},
  author={金晓玲 and 冯慧慧 and 周中允},
  journal={管理科学},
  volume={30},
  number={1},
  pages={73-82},
  year={2017},
}
@article{蒋炜20152013,
  title={2013-2014年《慢性病防控与健康》微信公共账号运行分析},
  author={蒋炜 and 陶然 and 崔娟 and 李志新},
  journal={中国健康教育},
  number={4},
  pages={390-392},
  year={2015},
}
@article{张华2017大学生健康素养微信公众平台干预效果评价,
  title={大学生健康素养微信公众平台干预效果评价},
  author={张华 and 董银凤 and 孙志岭 and 高海霞 and 赵可 and 王赛男 and 陈康恺 and 庄宇},
  journal={中国学校卫生},
  volume={38},
  number={11},
  pages={1644-1647},
  year={2017},
}
@article{赖秋华2015基于微信公众平台的亚健康自我管理模式探析,
  title={基于微信公众平台的亚健康自我管理模式探析},
  author={赖秋华 and 潘华峰 and 陈楚杰 and 王正 and 叶晓宪 and 林钟宇 and 赵金媛},
  journal={中国卫生事业管理},
  volume={32},
  number={8},
  pages={627-628},
  year={2015},
}
@article{刘婷2018健康类微信公众号文章标题的制作规律——基于“生命时报”“丁香医生”等公众号的分析,
  title={健康类微信公众号文章标题的制作规律——基于“生命时报”“丁香医生”等公众号的分析},
  author={刘婷},
  journal={青年记者},
  number={5},
  pages={92-93},
  year={2018},
}

@article{方婧2016微信公众号信息传播热度的影响因素实证研究,
  title={微信公众号信息传播热度的影响因素实证研究},
  author={方婧 and 陆伟},
  journal={情报杂志},
  volume={35},
  number={2},
  pages={157-162},
  year={2016},
}
@article{农海燕2016论微信健康传播的“知信行”范式,
  title={论微信健康传播的“知信行”范式},
  author={农海燕},
  journal={新闻研究导刊},
  volume={7},
  number={14},
  pages={322-322},
  year={2016},
}
